% About
@misc{bitcoin-is,
	author = "Beautyon",
	month = "October",
	title = "Bitcoin is. And that is enough.",
	howpublished = "\url{https://hackernoon.com/bitcoin-is-and-that-is-enough-e3116870eed1}",
	year = "2019"
}

% Lesson 1
@misc{social-contract,
	author = "Hasu",
	month = "December",
	series = "Bitcoin Skeptics Series",
	title = "Unpacking Bitcoin's Social Contract",
	howpublished = "\url{https://uncommoncore.co/unpacking-bitcoins-social-contract}",
	year = "2018",
}
@misc{tftc21,
	author = "Marty Bent",
	howpublished = "\url{https://tftc.io/tales-from-the-crypt/}",
	title = "Tales from the Crypt -- a podcast about Bitcoin",
	year = "2017"
}
@misc{satoshi-set-in-stone,
	author = "Satoshi Nakamoto",
	month = "June",
	title = "Re: Transactions and Scripts: DUP HASH160 ... EQUALVERIFY CHECKSIG",
	howpublished = "\url{https://bitcointalk.org/index.php?topic=195.msg1611\#msg1611}",
	year = "2010"
}
@misc{merkle-dao,
	author = "Ralph C. Merkle",
	journal = "Cryonics",
	month = "July-August",
	number = "4",
	pages = "28--40",
	publisher = "Journal",
	title = "DAOs, Democracy and Governance",
	howpublished = "\url{https://alcor.org/cryonics/Cryonics2016-4.pdf\#page=28}",
	volume = "37",
	year = "2016"
}
@misc{carnivores,
	author = "Jordan Pearson",
	month = "September",
	title = "Inside the World of the Bitcoin Carnivores: Why a small community of Bitcoin users is eating meat exclusively",
	howpublished = "\url{https://motherboard.vice.com/en_us/article/ne74nw/inside-the-world-of-the-bitcoin-carnivores}",
	year = "2017"
}

% Lesson 2
@book{abundance,
	address = "New York",
	author = "Peter Diamandis",
	isbn = "1451614217",
	publisher = "Free Press",
	title = "Abundance : the future is better than you think",
	year = "2012"
}
@misc{bitcoinstandard-pres,
	author = "Saifedean Ammous",
	institution = "Bayerische Landesbank",
	location = "Munich",
	month = "May",
	title = "Presentation on The Bitcoin Standard",
	howpublished = "\url{https://www.bayernlb.de/internet/media/de/ir/downloads_1/bayernlb_research/sonderpublikationen_1/bitcoin_munich_may_28.pdf}",
	year = "2018"
}

% Lesson 3
@book{where-am-i
,	title	= {The mind's I: fantasies and reflections on self and soul}
,	author	= {Dennett, Daniel C and Hofstadter, Douglas R}
,	year	= {1981}
,	publisher	= {Harvester Press}
}
@misc{gigi:magic-spell,
	author = "Gigi",
	month = "Aug",
	title = "The Magic Dust of Cryptography -- How digital information is changing our societyBitcoin's Gravity",
	howpublished = "\url{https://dergigi.com/2018/08/17/the-magic-dust-of-cryptography/}",
	year = "2018"
}
@book{bitcoinstandard,
	address = "Hoboken, New Jersey",
	author = "Saifedean Ammous",
	isbn = "978-1119473862",
	publisher = "John Wiley and Sons, Inc",
	title = "The Bitcoin Standard: The decentralized alternative to central banking",
	year = "2018"
}
@misc{wbd049,
	author = "Peter Van Valkenburgh",
	editor = "Peter McCormack",
	month = "November",
	title = "Coin Center's Peter Van Valkenburg on Preserving the Freedom to Innovate with Public Blockchains",
	howpublished = "\url{http://bit.ly/valkenburgh}",
	year = "2018"
}

% Lesson 4
@misc{bitcoin-identity,
	author = "Nic Carter",
	month = "November",
	title = "Bitcoin's Existential Crisis / What is it like to be a bitcoin?",
	howpublished = "\url{https://medium.com/s/story/what-is-it-like-to-be-a-bitcoin-56109f3e6753}",
	year = "2018"
}

@misc{wiki:theseus,
  author = "{Wikipedia contributors}",
  title = "Ship of Theseus --- {Wikipedia}{,} The Free Encyclopedia",
  year = "2019",
  howpublished = "\url{https://en.wikipedia.org/w/index.php?title=Ship_of_Theseus&oldid=923020256}"
}

% Lesson 5
@misc{bitcoin-different,
	author = "Jimmy Song",
	month = "April",
	title = "Why Bitcoin is Different",
	howpublished = "\url{https://medium.com/@jimmysong/why-bitcoin-is-different-e17b813fd947}",
	year = "2018"
}
@misc{gold-gift-gods,
	author = "The Austrian Mint",
	month = "November",
	title = "Gold: The Extraordinary Metal",
	howpublished = "\url{https://www.muenzeoesterreich.at/eng/discover/for-investors/gold-the-extraordinary-metal}",
	year = "2017"
}

% Lesson 6
@misc{america-regulate-bitcoin,
	author = "Beautyon",
	month = "March",
	title = "Why America Can't Regulate Bitcoin",
	howpublished = "\url{https://hackernoon.com/why-america-cant-regulate-bitcoin-8c77cee8d794}",
	year = "2018"
}
@misc{eff-cryptowars,
	author = "Electronic Frontier Foundation",
	title = "The Crypto Wars:Governments Working to Undermine Encryption",
	howpublished = "\url{https://www.eff.org/files/2014/01/03/cryptowarsonepagers-1_cac.pdf}",
	year = "2018"
}
@misc{wiki:cryptowars,
  author = "{Wikipedia contributors}",
  title = "Crypto Wars --- {Wikipedia}{,} The Free Encyclopedia",
  year = "2019",
	howpublished = "\url{https://en.wikipedia.org/w/index.php?title=Crypto_Wars&oldid=916147143}"
}
@misc{wiki:illegal-number,
  author = "{Wikipedia contributors}",
  title = "Illegal number --- {Wikipedia}{,} The Free Encyclopedia",
  year = "2019",
  howpublished = "\url{https://en.wikipedia.org/w/index.php?title=Illegal_number&oldid=918772989}"
}
@misc{wiki:illegal-prime,
  author = "{Wikipedia contributors}",
  title = "Illegal prime --- {Wikipedia}{,} The Free Encyclopedia",
  year = "2019",
  howpublished = "\url{https://en.wikipedia.org/w/index.php?title=Illegal_prime&oldid=913087454}"
}

% Lesson 7
@misc{lopp-tweet,
	author = "Jameson Lopp",
	month = "November",
	title = "No one has found the bottom of the Bitcoin rabbit hole.",
	howpublished = "\url{https://twitter.com/lopp/status/1061415918616698881}",
	year = "2018"
}

% Lesson 8
@misc{aarontaycc-tweet,
	author = "Fiat Minimalist",
	month = "December",
	title = "Isn't it ironic that Bitcoin has taught me more about money than all these years I've spent working for financial institutions?",
	howpublished = "\url{https://twitter.com/fiatminimalist/status/1072880815661436928}",
	year = "2018"
}
@misc{bitcoindunny-tweet,
	author = "Dunny",
	month = "November",
	title = "I’ve learned more about finance, economics, technology, cryptography, human psychology, politics, game theory, legislation, and myself in the last three months of crypto than the last three and a half years of college",
	howpublished = "\url{https://twitter.com/BitcoinDunny/status/935330541263519745}",
	year = "2017"
}
@book{human-action,
	address = "\url{https://mises.org/library/human-action-0/html/p/607}",
	author = "Ludwig von Mises",
	isbn = "9780865976313",
	publisher = "Ludwig von Mises Institute",
	title = "Human Action",
	year = "1949"
}
@misc{robert-kiyosaki,
	author = "Robert Kiyosaki",
	month = "July",
	publisher = "TEDxUCSD",
	title = "Why the Rich are Getting Richer",
	howpublished = "\url{https://youtu.be/abMQhaMdQu0}",
	year = "2016"
}

% Lesson 9
@book{hazlitt,
	address = "\url{https://mises.org/library/economics-one-lesson}",
	author = "Henry Hazlitt",
	isbn = "0517548232",
	publisher = "Ludwig von Mises Institute",
	title = "Economics in One Lesson",
	year = "1946"
}
@book{hayek-inflation,
	author = "Friedrich August Hayek",
	isbn = "9780255361736",
	publisher = "Institute of Economic Affairs",
	title = "1980s Unemployment and the Unions: Essays on the Impotent Price Structure of Britain and Monopoly in the Labour Market",
	year = "1984"
}
@book{hayek-good-money,
	author = "Friedrich August Hayek",
	isbn = "9781135630966",
	publisher = "Routledge",
	title = "The Collected Works of F.A. Hayek, Volume 6, Good Money, Part II",
	year = "1999"
}
@book{bitcoin-standard,
	author = "Saifedean Ammous",
	isbn = "9781119473862",
	publisher = "Wiley",
	title = "The Bitcoin Standard: The Decentralized Alternative to Central Banking",
	year = "2017"
}
@misc{wiki:venezuela,
  author = "{Wikipedia contributors}",
  title = "2013–present economic crisis in Venezuela --- {Wikipedia}{,} The Free Encyclopedia",
  year = "2019",
  howpublished = "\url{https://en.wikipedia.org/w/index.php?title=2013%E2%80%93present_economic_crisis_in_Venezuela&oldid=918242758}"
}
@misc{wiki:hyperinflation,
  author = "{Wikipedia contributors}",
  title = "Hyperinflation --- {Wikipedia}{,} The Free Encyclopedia",
  year = "2019",
  howpublished = "\url{https://en.wikipedia.org/w/index.php?title=Hyperinflation&oldid=919343724}"
}
@misc{wiki:historical-currencies,
  author = "{Wikipedia contributors}",
  title = "List of historical currencies --- {Wikipedia}{,} The Free Encyclopedia",
  year = "2019",
  howpublished = "\url{https://en.wikipedia.org/w/index.php?title=List_of_historical_currencies&oldid=919919705}"
}
@misc{wiki:list-of-currencies,
  author = "{Wikipedia contributors}",
  title = "List of currencies --- {Wikipedia}{,} The Free Encyclopedia",
  year = "2019",
  howpublished = "\url{https://en.wikipedia.org/w/index.php?title=List_of_currencies&oldid=897955050}"
}
@misc{gigi:energy,
	author = "Gigi",
	month = "June",
	title = "Bitcoin's Energy Consumption -- A shift in perspective",
	howpublished = "\url{https://dergigi.com/2018/06/10/bitcoin-s-energy-consumption/}",
	year = "2018"
}
@misc{web:gold-to-decent-suite-ratio,
  author = "{Margo Rapport}",
  title = "History Shows Price of an Ounce of Gold Equals Price of a Decent Men's Suit, Says Sionna Investment Managers",
  year = "2011",
  howpublished = "\url{https://www.businesswire.com/news/home/20110819005774/en/History-Shows-Price-Ounce-Gold-Equals-Price}"
}

% Lesson 10
@book{euthydemus,
	author = "Plato",
	isbn = "9780674991835",
	publisher = "Harvard University Press",
	title = "Plato in Twelve Volumes, Vol. 3. (Euthydemus section 304a/304b)",
	address = "\url{http://www.perseus.tufts.edu/hopper/text?doc=Perseus%3Atext%3A1999.01.0178%3Atext%3DEuthyd.%3Asection%3D304a}",
	year = "2017"
}
@misc{wiki:theory-of-value,
  author = "{Wikipedia contributors}",
  title = "Theory of value (economics) --- {Wikipedia}{,} The Free Encyclopedia",
  year = "2019",
  howpublished = "\url{https://en.wikipedia.org/w/index.php?title=Theory_of_value_(economics)&oldid=919603374}"
}
@misc{wiki:paradox-of-value,
  author = "{Wikipedia contributors}",
  title = "Paradox of value --- {Wikipedia}{,} The Free Encyclopedia",
  year = "2019",
  howpublished = "\url{https://en.wikipedia.org/w/index.php?title=Paradox_of_value&oldid=906068208}"
}
@misc{wiki:subjective-theory-of-value,
  author = "{Wikipedia contributors}",
  title = "Subjective theory of value --- {Wikipedia}{,} The Free Encyclopedia",
  year = "2019",
  howpublished = "\url{https://en.wikipedia.org/w/index.php?title=Subjective_theory_of_value&oldid=893004286}"
}

% Lesson 11
@misc{satoshi-precious-metal,
	author = "Satoshi Nakamoto",
	month = "February",
	publisher = "P2PFoundation Forums",
	title = "Bitcoin open source implementation of P2P currency",
	howpublished = "\url{http://p2pfoundation.ning.com/forum/topics/bitcoin-open-source?commentId=2003008%3AComment%3A9562}",
	year = "2009"
}
@book{end-the-fed,
	author = "Ron Paul",
	isbn = "9780446549196",
	publisher = "Grand Central Publishing",
	title = "End the Fed",
	address = "\url{http://endthefed.org/books/}",
	year = "2009"
}
@misc{shelling-out,
  author = "Nick Szabo",
  title = "Shelling Out: The Origins of Money",
  year = "2002",
  howpublished = "\url{https://nakamotoinstitute.org/shelling-out/}"
}

% Lesson 12
% No quotes
@misc{coinage-origins,
  author = "British Museum",
  title = "The origins of coinage",
  year = "2007",
  howpublished = "\url{https://www.britishmuseum.org/explore/themes/money/the_origins_of_coinage.aspx}"
}
@misc{wiki:coin-debasement,
  author = "{Wikipedia contributors}",
  title = "Methods of coin debasement --- {Wikipedia}{,} The Free Encyclopedia",
  year = "2019",
  howpublished = "\url{https://en.wikipedia.org/w/index.php?title=Methods_of_coin_debasement&oldid=917940627}"
}
@misc{wiki:thaler,
  author = "{Wikipedia contributors}",
  title = "Thaler --- {Wikipedia}{,} The Free Encyclopedia",
  year = "2019",
  howpublished = "\url{https://en.wikipedia.org/w/index.php?title=Thaler&oldid=914457345}"
}
@misc{wiki:silver-certificate,
  author = "{Wikipedia contributors}",
  title = "Silver certificate (United States) --- {Wikipedia}{,} The Free Encyclopedia",
  year = "2019",
  howpublished = "\url{https://en.wikipedia.org/w/index.php?title=Silver_certificate_(United_States)&oldid=917688197}"
}
@misc{wiki:bimetallism,
  author = "{Wikipedia contributors}",
  title = "Bimetallism --- {Wikipedia}{,} The Free Encyclopedia",
  year = "2019",
  howpublished = "\url{https://en.wikipedia.org/w/index.php?title=Bimetallism&oldid=920537299}"
}

% Lesson 13
@misc{godfrey-bloom,
	author = "Godfrey Bloom",
	month = "May",
	publisher = "UK Committee on Economic and Monetary Affairs",
	title = "Why the whole banking system is a scam",
	howpublished = "\url{https://youtu.be/hYzX3YZoMrs}",
	year = "2013"
}
@misc{wiki:money-multiplier,
  author = "{Wikipedia contributors}",
  title = "Money multiplier --- {Wikipedia}{,} The Free Encyclopedia",
  year = "2019",
  howpublished = "\url{https://en.wikipedia.org/w/index.php?title=Money_multiplier&oldid=918027413}"
}
@misc{wiki:keynesian,
  author = "{Wikipedia contributors}",
  title = "Keynesian economics --- {Wikipedia}{,} The Free Encyclopedia",
  year = "2019",
  howpublished = "\url{https://en.wikipedia.org/w/index.php?title=Keynesian_economics&oldid=919881690}"
}
@misc{wiki:austrian,
  author = "{Wikipedia contributors}",
  title = "Austrian School --- {Wikipedia}{,} The Free Encyclopedia",
  year = "2019",
  howpublished = "\url{https://en.wikipedia.org/w/index.php?title=Austrian_School&oldid=920008469}"
}

% Lesson 14
@article{review-social-economy,
	author = "Perry J. Roets",
	journal = "Review of Social Economy",
	volume = "49",
	number = "4",
	pages = "546-558",
	publisher = "Taylor and Francis, Ltd.",
	title = "Bernard W. Dempsey, S.J. ",
	howpublished = "\url{https://www.jstor.org/stable/29769582}",
	year = "1991"
}
@book{hulsmann2008ethics,
	title	= {Ethics of Money Production},
	author	= {Hülsmann, Guido Jörg},
	year	= {2008},
	publisher	= {Ludwig von Mises Institute},
	address = "\url{https://mises.org/library/ethics-money-production}"
}
@misc{btcwiki:supply,
  author = "{Bitcoin Wiki contributors}",
  title = "Controlled supply --- {Bitcoin Wiki}",
  year = "2019",
  howpublished = "\url{https://en.bitcoin.it/w/index.php?title=Controlled_supply&oldid=66483}"
}
@misc{wiki:money-supply,
  author = "{Wikipedia contributors}",
  title = "Money supply --- {Wikipedia}{,} The Free Encyclopedia",
  year = "2019",
  howpublished = "\url{https://en.wikipedia.org/w/index.php?title=Money_supply&oldid=921152289}"
}
@misc{web:fed-m3,
  author = "Federal Reserve",
  title = "Money Stock Measures -- Discontinuance of M3",
  year = "2005",
  howpublished = "\url{https://www.federalreserve.gov/Releases/h6/discm3.htm}"
}
@misc{mineral-commodity-summaries,
  author = "U.S. Geological Survey",
  title = "National Minerals Information Center -- Mineral Commodity Summaries",
  year = "2019",
  howpublished = "\url{https://www.usgs.gov/centers/nmic/mineral-commodity-summaries}"
}
@misc{distribution-was-fair,
  author = "Dan Held",
  title = {Bitcoin's Distribution was Fair},
  year = "2018",
  howpublished = "\url{https://blog.picks.co/bitcoins-distribution-was-fair-e2ef7bbbc892}"
}

% Lesson 15
@misc{satoshi-sha256,
	author = "Satoshi Nakamoto",
	month = "June",
	publisher = "Bitcointalk Forum",
	title = "Dealing with SHA-256 Collisions",
	howpublished = "\url{https://bitcointalk.org/index.php?topic=191.msg1585#msg1585}",
	year = "2010"
}
@book{bruce-schneier,
	author = "Bruce Schneier",
	isbn = "9781119439028",
	publisher = "John Wiley and Sons",
	title = "Applied Cryptography: Protocols, Algorithms and Source Code in C",
	year = "2017"
}
@misc{call-to-cryptographic-arms,
	author = "Julian Assange",
	month = "December",
	publisher = "OR Books, New York",
	title = "Cypherpunks: Freedom and the Future of the Internet - Introduction: A call to cryptographic arms",
	howpublished = "\url{https://cryptome.org/2012/12/assange-crypto-arms.htm}",
	year = "2012"
}
@misc{epii,
	author = "epii",
	month = "May",
	publisher = "Bitcointalk Forum",
	title = "New bitcoin logo",
	howpublished = "\url{https://bitcointalk.org/index.php?topic=4994.msg140770#msg140770}",
	year = "2011"
}
@misc{wiki:LGM,
  author = "{Wikipedia contributors}",
  title = "Last Glacial Maximum --- {Wikipedia}{,} The Free Encyclopedia",
  year = "2019",
  howpublished = "\url{https://en.wikipedia.org/w/index.php?title=Last_Glacial_Maximum&oldid=919510280}"
}
@misc{wiki:sha2,
  author = "{Wikipedia contributors}",
  title = "SHA-2 --- {Wikipedia}{,} The Free Encyclopedia",
  year = "2019",
  howpublished = "\url{https://en.wikipedia.org/w/index.php?title=SHA-2&oldid=917408454}"
}
@misc{btcwiki:block-hashing,
  author = "{Bitcoin Wiki contributors}",
  title = "Block hashing algorithm --- {Bitcoin Wiki}",
  year = "2019",
  howpublished = "\url{https://en.bitcoin.it/w/index.php?title=Block_hashing_algorithm&oldid=66452}"
}
@misc{wiki:landauer,
  author = "{Wikipedia contributors}",
  title = "Landauer's principle --- {Wikipedia}{,} The Free Encyclopedia",
  year = "2019",
  howpublished = "\url{https://en.wikipedia.org/w/index.php?title=Landauer%27s_principle&oldid=907333330}"
}
@misc{wiki:dyson,
  author = "{Wikipedia contributors}",
  title = "Dyson sphere --- {Wikipedia}{,} The Free Encyclopedia",
  year = "2019",
  howpublished = "\url{https://en.wikipedia.org/w/index.php?title=Dyson_sphere&oldid=916621053}"
}
@misc{web:schneier,
  author = "Bruce Schneier",
  title = "Schneier on Security",
  year = "2019",
  howpublished = "\url{https://www.schneier.com}"
}
@misc{wiki:pnp,
  author = "{Wikipedia contributors}",
  title = "P versus NP problem --- {Wikipedia}{,} The Free Encyclopedia",
  year = "2019",
  howpublished = "\url{https://en.wikipedia.org/w/index.php?title=P_versus_NP_problem&oldid=919882161}"
}
@misc{wiki:discrete-log,
  author = "{Wikipedia contributors}",
  title = "Discrete logarithm --- {Wikipedia}{,} The Free Encyclopedia",
  year = "2019",
  howpublished = "\url{https://en.wikipedia.org/w/index.php?title=Discrete_logarithm&oldid=909625575}"
}

% Lesson 16
@misc{bitcoin-announcement,
	author = "Satoshi Nakamoto",
	month = "February",
	publisher = "P2PFoundation Forum",
	title = "Bitcoin open source implementation of P2P currency",
	howpublished = "\url{http://p2pfoundation.ning.com/forum/topics/bitcoin-open-source}",
	year = "2009"
}
@article{whitepaper,
	author = "Satoshi Nakamoto",
	month = "October",
	title = "Bitcoin: A Peer-to-Peer Electronic Cash System",
	howpublished = "\url{https://bitcoin.org/bitcoin.pdf}",
	year = "2008"
}
@book{cosmos,
	author = "Carl Sagan",
	isbn = "9780345539434",
	publisher = "Random House",
	title = "Cosmos",
	year = "1980"
}
@inproceedings{trusting-trust,
	title	= {Reflections on trusting trust},
	author	= {Thompson, K.},
	booktitle	= {ACM Turing award lectures},
	pages	= {1983},
	year	= {2007}
}
@inproceedings{becker2013stealthy,
  title={Stealthy dopant-level hardware trojans},
  author={Becker, Georg T and Regazzoni, Francesco and Paar, Christof and Burleson, Wayne P},
  booktitle={International Workshop on Cryptographic Hardware and Embedded Systems},
  pages={197--214},
  year={2013},
  organization={Springer}
}
@misc{btcwiki:secp256k1,
  author = "{Bitcoin Wiki contributors}",
  title = "Secp256k1 --- {Bitcoin Wiki}",
  year = "2019",
  howpublished = "\url{https://en.bitcoin.it/w/index.php?title=Secp256k1&oldid=66342}"

}
@misc{wiki:Dual_EC_DRBG,
  author = "{Wikipedia contributors}",
  title = "Dual EC DRBG --- {Wikipedia}{,} The Free Encyclopedia",
  year = "2019",
  howpublished = "\url{https://en.wikipedia.org/w/index.php?title=Dual_EC_DRBG&oldid=918490393}"

}
@misc{wiki:backdoors,
  author = "{Wikipedia contributors}",
  title = "Elliptic-curve cryptography --- {Wikipedia}{,} The Free Encyclopedia",
  year = "2019",
  howpublished = "\url{https://en.wikipedia.org/w/index.php?title=Elliptic-curve_cryptography&oldid=916608234#Backdoors}"
}
@misc{web:bootstrapping,
  author = "Guix Contributors",
  title = "Guix --- Bootstrapping",
  year = "2019",
  howpublished = "\url{https://guix.gnu.org/manual/en/html_node/Bootstrapping.html}"
}
@book{antonopoulos2014mastering,
  title={Mastering Bitcoin: Programming the Open Blockchain},
  author={Antonopoulos, Andreas M},
  year={2014},
  publisher={" O'Reilly Media, Inc."}
}

% Lesson 17
@misc{pow-clock,
  author = "Grisha Trubetskoy",
  title = "Blockchain Proof-of-Work Is a Decentralized Clock",
  year = "2018",
  howpublished = "\url{https://grisha.org/blog/2018/01/23/explaining-proof-of-work/}"
}
% Whitepaper, see Lesson 16

% Lesson 18
@misc{satoshi-centralized-nature,
	author = "Satoshi Nakamoto",
	month = "February",
	publisher = "P2PFoundation Forum",
	title = "Re: Bitcoin open source implementation of P2P currency",
	howpublished = "\url{http://p2pfoundation.ning.com/forum/topics/bitcoin-open-source}",
	year = "2009"
}
@misc{satoshi-set-in-stone,
	author = "Satoshi Nakamoto",
	month = "June",
	publisher = "Bitcointalk Forum",
	title = "Re: Transactions and Scripts: DUP HASH160 ... EQUALVERIFY CHECKSIG",
	howpublished = "\url{https://bitcointalk.org/index.php?topic=195.msg1611#msg1611}",
	year = "2010"
}
@misc{satoshi-open-source,
	author = "Satoshi Nakamoto",
	month = "December",
	publisher = "Bitcointalk Forum",
	title = "Re: Questions about Bitcoin",
	howpublished = "\url{https://bitcointalk.org/index.php?topic=13.msg46#msg46}",
	year = "2009"
}
@misc{btcwiki:p2sh,
  author = "{Bitcoin Wiki contributors}",
  title = "Pay to script hash --- {Bitcoin Wiki}",
  year = "2019",
  howpublished = "\url{https://en.bitcoin.it/w/index.php?title=Pay_to_script_hash&oldid=64705}"
}
@misc{btcwiki:segwit,
  author = "{Bitcoin Wiki contributors}",
  title = "Segregated Witness --- {Bitcoin Wiki}",
  year = "2019",
  howpublished = "\url{https://en.bitcoin.it/w/index.php?title=Segregated_Witness&oldid=66902}"
}
@misc{bip:schnorr,
  author = "{Pieter Wuille}",
  title = "Schnorr Signatures for secp256k1",
  year = "2019",
  howpublished = "\url{https://github.com/sipa/bips/blob/bip-schnorr/bip-schnorr.mediawiki}"
}
@misc{taproot,
  author = "{Gregory Maxwell}",
  title = "Taproot: Privacy preserving switchable scripting",
  year = "2018",
  howpublished = "\url{https://lists.linuxfoundation.org/pipermail/bitcoin-dev/2018-January/015614.html}"
}

% Lesson 19
@misc{snowden,
	author = "Edward Snowden",
	month = "June",
	publisher = "The Guardian",
	title = "Edward Snowden: NSA whistleblower answers reader questions ",
	howpublished = "\url{https://www.theguardian.com/world/2013/jun/17/edward-snowden-nsa-files-whistleblower}",
	year = "2013"
}
@misc{mimblewimble-origin,
  author = "{Tom Elvis Jedusor}",
  title = "MimbleWimble Origin",
  year = "2016",
  howpublished = "\url{https://github.com/mimblewimble/docs/wiki/MimbleWimble-Origin}"
}
@misc{4chan-math,
	author = "{Anonymous 4chan Poster} and {Robin Houston} and {Jay Pantone} and {Vince Vatter}",
	month = "October",
	title = "A lower bound on the length of the shortest superpattern",
  howpublished = "\url{https://oeis.org/A180632/a180632.pdf}",
	year = "2018"
}
@misc{article12,
	author = "United Nations General Assembly",
	month = "December",
	title = "The Universal Declaration of Human Rights",
	year = "1948"
}

% Lesson 20
% Human Action, see above
@misc{cypherpunk-manifesto,
	author = "Eric Hughes",
	month = "March",
	publisher = "Activism.net",
	title = {A Cypherpunk's Manifesto},
	howpublished = "\url{https://www.activism.net/cypherpunk/manifesto.html}",
	year = "1993"
}
@misc{satoshi-mail-code-first,
	author = "Satoshi Nakamoto",
	month = "November",
	publisher = "Cryptography Mailinglist",
	title = "Re: Bitcoin P2P e-cash paper",
	howpublished = "\url{https://www.metzdowd.com/pipermail/cryptography/2008-November/014832.html}",
	year = "2008"
}
@misc{satoshi-delay,
	author = "Satoshi Nakamoto",
	month = "June",
	publisher = "BitcoinTalk Forum",
	title = "Re: 0.3 almost ready",
	howpublished = "\url{https://bitcointalk.org/index.php?topic=199.msg1670#msg1670}",
	year = "2010"
}

% Lesson 21
@misc{william-gibson,
	author = "William Gibson",
	month = "October",
	publisher = "NPR",
	title = "The Science in Science Fiction",
	howpublished = "\url{https://www.npr.org/2018/10/22/1067220/the-science-in-science-fiction}",
	year = "2018"
}
@misc{tech-adoption,
	author = "Jeff Desjardins",
	month = "February",
	publisher = "Visual Capitalist",
	title = "The Rising Speed of Technological Adoption",
	howpublished = "\url{https://www.visualcapitalist.com/rising-speed-technological-adoption/}",
	year = "2017"
}
@misc{7-network-effects,
	author = "Trace Mayer",
	month = "January",
	publisher = "CRYPSA -- LaGuardia Community College",
	title = "The 7 Network Effects of Bitcoin",
	howpublished = "\url{https://www.thrivenotes.com/the-7-network-effects-of-bitcoin/}",
	year = "2016"
}
@misc{wiki:lindy,
  author = "{Wikipedia contributors}",
  title = "Lindy effect --- {Wikipedia}{,} The Free Encyclopedia",
  year = "2019",
  howpublished = "\url{https://en.wikipedia.org/w/index.php?title=Lindy_effect&oldid=921214819}"
}
@misc{web:kaspersky,
	author = "Kaspersky Lab",
	publisher = "Kaspersky Daily",
	title = "From festive fun to password panic: Managing money online this Christmas",
	howpublished = "\url{https://www.kaspersky.com/blog/money-report-2018/}",
	year = "2018"
}
@misc{bezos-letter,
	author = "Jeff Bezos",
	publisher = "Amazon.com",
	title = "To our shareholders",
	howpublished = "\url{http://media.corporate-ir.net/media_files/irol/97/97664/reports/Shareholderletter97.pdf}",
	year = "1997"
}
@misc{btcwiki:genesis-block,
  author = "{Bitcoin Wiki contributors}",
  title = "Genesis block --- {Bitcoin Wiki}",
  year = "2019",
  howpublished = "\url{https://en.bitcoin.it/w/index.php?title=Segregated_Witness&oldid=66902}"
}
@misc{web:lightning-nodes,
	author = "Wilma Woo",
	publisher = "Bitcoinist",
	month = "January",
	title = "'Unfairly Cheap' Lightning Network Mainnet Hits 40 Nodes, 60 Channels",
	howpublished = "\url{https://bitcoinist.com/bitcoin-lightning-network-mainnet-nodes/}",
	year = "2018"
}
@misc{pew-research,
	author = "Susannah Fox and Lee Rainie",
	publisher = "Pew Research Center -- Internet \\& Technology",
	month = "February",
	title = "How the internet has woven itself into American life",
	howpublished = "\url{https://pewrsr.ch/32M7Qmg}",
	year = "2014"
}

% Conclusion
@book{braschi2011empire,
  title={Empire of Dreams},
  author={Braschi, Giannina},
  year={2011},
  publisher={AmazonCrossing}
}

@misc{gigi:gravity,
	author = "Gigi",
	month = "May",
	title = "Bitcoin's Gravity -- How idea-value feedback loops are pulling people in",
	howpublished = "\url{https://dergigi.com/2019/05/01/bitcoins-gravity/}",
	year = "2019"
}
